
% format examples



@article{sedimentation,
 ISSN = {00211311},
 URL = {http://www.jstor.org/stable/25536417},
 author = {James J. Bell and David K. A. Barnes},
 journal = {The Irish Naturalists' Journal},
 number = {3},
 pages = {106--116},
 publisher = {Irish Naturalists' Journal Ltd.},
 title = {The Relationship between Sedimentation, Flow Rates, Depth and Time at Lough Hyne Marine Nature Reserve},
 volume = {27},
 year = {2002}
}
